<record><leader>00000cas a22000007a 4500</leader><controlfield tag="001">11329823</controlfield><controlfield tag="008">841031d183u1849pauwr ne      0    0ger d</controlfield><datafield ind1=" " ind2=" " tag="010"><subfield code="a">sn 84038513 </subfield></datafield><datafield ind1=" " ind2=" " tag="040"><subfield code="a">NPX</subfield><subfield code="b">eng</subfield><subfield code="c">NPX</subfield><subfield code="d">DLC</subfield><subfield code="d">NPH</subfield><subfield code="d">OCL</subfield><subfield code="d">OCLCQ</subfield><subfield code="d">OCLCF</subfield><subfield code="d">OCLCO</subfield></datafield><datafield ind1="1" ind2=" " tag="029"><subfield code="a">AU@</subfield><subfield code="b">000020122685</subfield></datafield><datafield ind1=" " ind2=" " tag="042"><subfield code="a">msc</subfield></datafield><datafield ind1="0" ind2="0" tag="050"><subfield code="a">Newspaper 9376</subfield></datafield><datafield ind1="0" ind2="0" tag="245"><subfield code="a">Unabha&#776;ngige Republicaner und Lecha, Northampton, Bucks, Montgomery, Schuylkill und Berks Caunties Anzeiger.</subfield></datafield><datafield ind1="1" ind2="3" tag="246"><subfield code="a">Unabha&#776;ngiger Republikaner und Lecha, Northampton, Bucks, Schuylkill und Berks Caunties Anzeiger</subfield></datafield><datafield ind1="1" ind2="7" tag="246"><subfield code="a">Republikaner</subfield></datafield><datafield ind1=" " ind2=" " tag="260"><subfield code="a">Allentaun, Pa. :</subfield><subfield code="b">Edwin W. Hu&#776;tter,</subfield><subfield code="c">-1849.</subfield></datafield><datafield ind1=" " ind2=" " tag="300"><subfield code="a">v. :</subfield><subfield code="b">ill. ;</subfield><subfield code="c">53 cm.</subfield></datafield><datafield ind1=" " ind2=" " tag="310"><subfield code="a">Weekly</subfield></datafield><datafield ind1="0" ind2=" " tag="362"><subfield code="a">-Jahrg. 39, Nr. 24 (7. Juni 1849).</subfield></datafield><datafield ind1=" " ind2=" " tag="500"><subfield code="a">Publishers: Edwin W. Hu&#776;tter, &lt;1834-1838&gt;; Reuben Bright, &lt;1841&gt;; James W. Wilson, &lt;1842&gt;.</subfield></datafield><datafield ind1=" " ind2=" " tag="588"><subfield code="a">Description based on: Bd. 24, Nr. 24 (17. Apr. 1834).</subfield></datafield><datafield ind1=" " ind2="0" tag="650"><subfield code="a">Pennsylvania Dutch</subfield><subfield code="v">Newspapers.</subfield></datafield><datafield ind1=" " ind2="7" tag="655"><subfield code="a">Newspapers.</subfield><subfield code="2">fast</subfield><subfield code="0">(OCoLC)fst01423814</subfield></datafield><datafield ind1=" " ind2="7" tag="650"><subfield code="a">Pennsylvania Dutch.</subfield><subfield code="2">fast</subfield><subfield code="0">(OCoLC)fst01057000</subfield></datafield><datafield ind1=" " ind2=" " tag="752"><subfield code="a">United States</subfield><subfield code="b">Pennsylvania</subfield><subfield code="c">Lehigh</subfield><subfield code="d">Allentown.</subfield></datafield><datafield ind1=" " ind2=" " tag="752"><subfield code="a">United States</subfield><subfield code="b">Pennsylvania</subfield><subfield code="c">Northampton</subfield><subfield code="d">Allentown.</subfield></datafield><datafield ind1="0" ind2="0" tag="780"><subfield code="t">Unabha&#776;ngige Republikaner (Allentown, Pa. : 1814)</subfield><subfield code="w">(DLC)sn 87078526</subfield></datafield><datafield ind1="0" ind2="0" tag="785"><subfield code="t">Unabha&#776;ngiger Republikaner (Allentown, Pa. : 1849)</subfield><subfield code="w">(DLC)sn 84026448</subfield></datafield></record>